<record><leader>00000cas a22000007a 4500</leader><controlfield tag="001">13478222</controlfield><controlfield tag="008">860422d1818182upauwr ne      0    0eng d</controlfield><datafield ind1=" " ind2=" " tag="010"><subfield code="a">sn 86071404 </subfield></datafield><datafield ind1=" " ind2=" " tag="040"><subfield code="a">NPH</subfield><subfield code="b">eng</subfield><subfield code="c">NPH</subfield><subfield code="d">DLC</subfield><subfield code="d">NPH</subfield><subfield code="d">DLC</subfield><subfield code="d">OCLCQ</subfield><subfield code="d">OCLCF</subfield></datafield><datafield ind1="1" ind2=" " tag="029"><subfield code="a">AU@</subfield><subfield code="b">000025785090</subfield></datafield><datafield ind1=" " ind2=" " tag="042"><subfield code="a">msc</subfield></datafield><datafield ind1=" " ind2=" " tag="043"><subfield code="a">n-us-pa</subfield></datafield><datafield ind1="0" ind2="0" tag="050"><subfield code="a">Newspaper</subfield></datafield><datafield ind1="0" ind2="0" tag="245"><subfield code="a">Hanover guardian.</subfield></datafield><datafield ind1="1" ind2="3" tag="246"><subfield code="a">Guardian</subfield></datafield><datafield ind1=" " ind2=" " tag="260"><subfield code="a">Hanover, Pa. :</subfield><subfield code="b">Joseph Schmuck</subfield></datafield><datafield ind1=" " ind2=" " tag="300"><subfield code="a">v. ;</subfield><subfield code="c">45 cm.</subfield></datafield><datafield ind1=" " ind2=" " tag="310"><subfield code="a">Weekly</subfield></datafield><datafield ind1="1" ind2=" " tag="362"><subfield code="a">Began in Aug. 1818.</subfield><subfield code="z">Cf. Rossell, G.E. Pa. newspapers, 1978.</subfield></datafield><datafield ind1=" " ind2=" " tag="500"><subfield code="a">Publishers: William D. Gobrecht, Feb. 6, 1820.</subfield></datafield><datafield ind1=" " ind2=" " tag="588"><subfield code="a">Description based on: Vol. 1, no. 34 (Apr. 21, 1819).</subfield></datafield><datafield ind1=" " ind2="0" tag="651"><subfield code="a">Hanover (York County, Pa.)</subfield><subfield code="v">Newspapers.</subfield></datafield><datafield ind1=" " ind2="7" tag="655"><subfield code="a">Newspapers.</subfield><subfield code="2">fast</subfield><subfield code="0">(OCoLC)fst01423814</subfield></datafield><datafield ind1=" " ind2="7" tag="651"><subfield code="a">Pennsylvania</subfield><subfield code="z">Hanover (York County)</subfield><subfield code="2">fast</subfield><subfield code="0">(OCoLC)fst01313290</subfield></datafield><datafield ind1=" " ind2=" " tag="752"><subfield code="a">United States</subfield><subfield code="b">Pennsylvania</subfield><subfield code="c">York</subfield><subfield code="d">Hanover.</subfield></datafield><datafield ind1="0" ind2="0" tag="785"><subfield code="t">Hanover Guardian, and York and Adams' Counties advertiser</subfield><subfield code="w">(OCoLC)21583379</subfield></datafield></record>